


@misc{Apple Machine Learning Research_2021, url={https://machinelearning.apple.com/research/recognizing-people-photos}, journal={Apple Machine Learning Research}, publisher={Apple Inc.}, year={2021}, month={Jul}} 
